@article{pima,
    author = {Smith, Jack and Everhart, J. and Dickson, W. and Knowler, W. and Johannes, Richard},
    year = {1988},
    month = {11},
    pages = {},
    title = {Using the ADAP Learning Algorithm to Forcast the Onset of Diabetes Mellitus},
    volume = {10},
    journal = {Proceedings - Annual Symposium on Computer Applications in Medical Care}
}

@inbook{weka,
    author = {Eibe Frank and Mark A. Hall and Ian H. Witten},
    title = {Online Appendix for "Data Mining: Practical Machine Learning Tools and Techniques"},
    pages = {},
    publisher = {Morgan Kaufmann},
    year = {2016},
    edition = {4}
}
